<?xml version="1.0" encoding="utf-8"?>
<record xmlns="http://www.loc.gov/MARC21/slim" xmlns:xsi="http://www.w3.org/2001/XMLSchema-instance" xsi:schemaLocation="http://www.loc.gov/MARC21/slim http://www.loc.gov/standards/marcxml/schema/MARC21slim.xsd">
	<leader>     nam a22     Mi 4500</leader>
	<controlfield tag="001">b1275609x</controlfield>
	<controlfield tag="003">LeBAU</controlfield>
	<controlfield tag="006">m        d        </controlfield>
	<controlfield tag="007">cr cn |||m|||a</controlfield>
	<controlfield tag="008">191218q19501959le      ob    ||0 0 ara d</controlfield>
	<datafield ind1=" " ind2=" " tag="040">
		<subfield code="a">ZYU</subfield>
		<subfield code="b">ara</subfield>
		<subfield code="e">rda</subfield>
		<subfield code="c">ZYU</subfield>
	</datafield>
	<datafield ind1="0" ind2="4" tag="082">
		<subfield code="a">297.12481</subfield>
		<subfield code="2">20</subfield>
	</datafield>
	<datafield ind1="1" ind2=" " tag="100">
		<subfield code="6">880-01</subfield>
		<subfield code="a">ʻAlī ibn Abī Ṭālib,</subfield>
		<subfield code="c">Caliph,</subfield>
		<subfield code="d">approximately 600-661,</subfield>
		<subfield code="e">author.</subfield>
	</datafield>
	<datafield ind1="1" ind2="0" tag="245">
		<subfield code="6">880-02</subfield>
		<subfield code="a">Mustadrak Nahj al-Balāghah :</subfield>
		<subfield code="b">majmūʻ mukhtār min Kalām mawlānā amīr al-muʼminīn ʻAlī &quot;ʻA&quot; marwī fī ghayr al-Nahj jārin ʻalá minwālihi murattab ʻalá abwābihi al-thalāthah. Wa-yalīh Kitāb Madārik Nahj al-Balāghah wa-dafʻ al-shubuhāt ʻanhu : taḥqīq fī ṣiḥḥat jamīʻ al-khuṭab al-wāridah fī al-nahj wa-thubūt ṣudūrihā ʻan mawlānā ʻAlī &quot;ʻA&quot; wa-rafʻ ḥujub al-shakk wa-al-ghumūḍ ʻanhā /</subfield>
		<subfield code="c">ta’līf al-Hādī Kāshif al-Ghiṭāʼ.</subfield>
	</datafield>
	<datafield ind1="3" ind2="0" tag="246">
		<subfield code="6">880-03</subfield>
		<subfield code="a">Kitāb Madārik nahj al-balāghah wa-dafʻ al-shubuhāt ʻanhu</subfield>
	</datafield>
	<datafield ind1=" " ind2="1" tag="264">
		<subfield code="6">880-04</subfield>
		<subfield code="a">Bayrūt, Lubnān :</subfield>
		<subfield code="b">Maktabat al-Andalus,</subfield>
		<subfield code="c">[between 1950 and 1959?]</subfield>
	</datafield>
	<datafield ind1=" " ind2=" " tag="300">
		<subfield code="6">880-05</subfield>
		<subfield code="a">online resource (268 pages)</subfield>
	</datafield>
	<datafield ind1=" " ind2=" " tag="336">
		<subfield code="a">text</subfield>
		<subfield code="2">rdacontent</subfield>
	</datafield>
	<datafield ind1=" " ind2=" " tag="337">
		<subfield code="a">computer</subfield>
		<subfield code="2">rdamedia</subfield>
	</datafield>
	<datafield ind1=" " ind2=" " tag="338">
		<subfield code="a">online resource</subfield>
		<subfield code="2">rdacarrier</subfield>
	</datafield>
	<datafield ind1=" " ind2=" " tag="500">
		<subfield code="a">يتضمن فهرست كتاب مستدرك النهج وفهرس الكتاب مدارك نهج البلاغة ودفع الشبهات عنه من صفحة [7] الى صفحة 15.</subfield>
	</datafield>
	<datafield ind1=" " ind2=" " tag="500">
		<subfield code="a">Part of the Arabic Collections Online (ACO) project, contributed by American University of Beirut's Jafet Memorial Library.</subfield>
	</datafield>
	<datafield ind1=" " ind2=" " tag="504">
		<subfield code="a">يتضمن مراجع ببليوغرافية.</subfield>
	</datafield>
	<datafield ind1=" " ind2=" " tag="533">
		<subfield code="a">Electronic reproduction.</subfield>
		<subfield code="b">New York, N.Y. :</subfield>
		<subfield code="c">New York University,</subfield>
		<subfield code="d">2019.</subfield>
		<subfield code="5">NNU</subfield>
	</datafield>
	<datafield ind1="0" ind2="4" tag="600">
		<subfield code="a">علي بن أبي طالب،</subfield>
		<subfield code="c">الخليفة،</subfield>
		<subfield code="d">حوالي 600-661.</subfield>
		<subfield code="t">نهج البلاغة.</subfield>
	</datafield>
	<datafield ind1="0" ind2="4" tag="600">
		<subfield code="a">علي بن أبي طالب،</subfield>
		<subfield code="c">الخليفة،</subfield>
		<subfield code="d">حوالي 600-661.</subfield>
		<subfield code="x">الخطب.</subfield>
	</datafield>
	<datafield ind1="0" ind2="4" tag="600">
		<subfield code="a">علي بن أبي طالب،</subfield>
		<subfield code="c">الخليفة،</subfield>
		<subfield code="d">حوالي 600-661</subfield>
		<subfield code="x">آراء سياسية وإجتماعية.</subfield>
	</datafield>
	<datafield ind1="0" ind2="4" tag="600">
		<subfield code="a">علي بن أبي طالب،</subfield>
		<subfield code="c">الخليفة،</subfield>
		<subfield code="d">حوالي 600-661</subfield>
		<subfield code="x">آراء في الإسلام والدولة.</subfield>
	</datafield>
	<datafield ind1="0" ind2="0" tag="600">
		<subfield code="a">ʻAlī ibn Abī Ṭālib,</subfield>
		<subfield code="c">Caliph,</subfield>
		<subfield code="d">approximately 600-661.</subfield>
		<subfield code="t">Nahj al-Balāghah.</subfield>
	</datafield>
	<datafield ind1="0" ind2="0" tag="600">
		<subfield code="a">ʻAlī ibn Abī Ṭālib,</subfield>
		<subfield code="c">Caliph,</subfield>
		<subfield code="d">approximately 600-661</subfield>
		<subfield code="x">Oratory.</subfield>
	</datafield>
	<datafield ind1="0" ind2="0" tag="600">
		<subfield code="a">ʻAlī ibn Abī Ṭālib,</subfield>
		<subfield code="c">Caliph,</subfield>
		<subfield code="d">approximately 600-661</subfield>
		<subfield code="x">Political and social views.</subfield>
	</datafield>
	<datafield ind1="0" ind2="0" tag="600">
		<subfield code="a">ʻAlī ibn Abī Ṭālib,</subfield>
		<subfield code="c">Caliph,</subfield>
		<subfield code="d">approximately 600-661</subfield>
		<subfield code="x">Views on Islam and state.</subfield>
	</datafield>
	<datafield ind1=" " ind2="4" tag="650">
		<subfield code="a">الأخلاق الإسلامية</subfield>
		<subfield code="v">أعمال قديمة حتى 1800.</subfield>
	</datafield>
	<datafield ind1=" " ind2="4" tag="650">
		<subfield code="a">الاسلام</subfield>
		<subfield code="x">العادات والممارسات</subfield>
		<subfield code="v">أعمال قديمة حتى 1800.</subfield>
	</datafield>
	<datafield ind1=" " ind2="4" tag="650">
		<subfield code="a">المواعظ الإسلامية العربية</subfield>
		<subfield code="v">أعمال قديمة حتى 1800.</subfield>
	</datafield>
	<datafield ind1=" " ind2="0" tag="650">
		<subfield code="a">Islamic ethics</subfield>
		<subfield code="v">Early works to 1800.</subfield>
	</datafield>
	<datafield ind1=" " ind2="0" tag="650">
		<subfield code="a">Islam</subfield>
		<subfield code="x">Customs and practices</subfield>
		<subfield code="v">Early works to 1800.</subfield>
	</datafield>
	<datafield ind1=" " ind2="0" tag="650">
		<subfield code="a">Islamic sermons, Arabic</subfield>
		<subfield code="v">Early works to 1800.</subfield>
	</datafield>
	<datafield ind1="1" ind2=" " tag="700">
		<subfield code="6">880-06</subfield>
		<subfield code="a">Sharīf al-Raḍī, Muḥammad ibn al-Ḥusayn,</subfield>
		<subfield code="d">969 or 970-1016,</subfield>
		<subfield code="e">compiler.</subfield>
	</datafield>
	<datafield ind1="1" ind2=" " tag="700">
		<subfield code="6">880-07</subfield>
		<subfield code="a">Kāshif al-Ghiṭāʼ, Hādī,</subfield>
		<subfield code="d">1872 or 1873-1942,</subfield>
		<subfield code="e">annotator.</subfield>
	</datafield>
	<datafield ind1="1" ind2="2" tag="700">
		<subfield code="6">880-08</subfield>
		<subfield code="a">Kāshif al-Ghiṭāʼ, Hādī,</subfield>
		<subfield code="d">1872 or 1873-1942.</subfield>
		<subfield code="t">Madārik nahj al-balāghah wa-dafʻ al-shubuhāt ʻanhu.</subfield>
	</datafield>
	<datafield ind1="2" ind2=" " tag="710">
		<subfield code="a">Jafet Memorial Library.</subfield>
	</datafield>
	<datafield ind1="0" ind2=" " tag="730">
		<subfield code="a">Arabic Collections Online.</subfield>
	</datafield>
	<datafield ind1="0" ind2="8" tag="776">
		<subfield code="i">Print version:</subfield>
		<subfield code="a">ʻAlī ibn Abī Ṭālib, Caliph, approximately 600-661, author.</subfield>
		<subfield code="t">Mustadrak Nahj al-Balāghah</subfield>
		<subfield code="w">(LeBAU)b1275609x</subfield>
	</datafield>
	<datafield ind1="4" ind2="0" tag="856">
		<subfield code="u">http://hdl.handle.net/2333.1/q573ng5k</subfield>
	</datafield>
	<datafield ind1="1" ind2=" " tag="880">
		<subfield code="6">100-01</subfield>
		<subfield code="a">علي بن ابي طالب</subfield>
		<subfield code="c">الخليفة،</subfield>
		<subfield code="d">حوالي 600-661،</subfield>
		<subfield code="e">مؤلف. </subfield>
		<subfield code="4">aut.</subfield>
	</datafield>
	<datafield ind1="1" ind2="0" tag="880">
		<subfield code="6">245-02</subfield>
		<subfield code="a">مستدرك نهج البلاغة :</subfield>
		<subfield code="b">مجموع مختار من كلام مولانا أمير المؤمنين علي &quot;ع&quot; مروي في غير النهج جار على منواله مرتب على أبوابه الثلاثة. ويليه كتاب مدارك نهج البلاغة ودفع الشبهات عنه : تحقيق في صحة جميع الخطب الواردة في النهج وثبوت صدورها عن مولانا علي &quot;ع&quot; ورفع حجب الشك والغموض عنها /</subfield>
		<subfield code="c">تأليف الهادي كاشف الغطاء.</subfield>
	</datafield>
	<datafield ind1="3" ind2="0" tag="880">
		<subfield code="6">246-03</subfield>
		<subfield code="a">كتاب مدارك نهج البلاغة ودفع الشبهات عنه</subfield>
	</datafield>
	<datafield ind1=" " ind2="1" tag="880">
		<subfield code="6">264-04</subfield>
		<subfield code="a">بيروت، لبنان :</subfield>
		<subfield code="b">مكتبة الاندلس،</subfield>
		<subfield code="c">[ما بين 1950 و 1959؟]</subfield>
	</datafield>
	<datafield ind1=" " ind2=" " tag="880">
		<subfield code="6">300-05</subfield>
		<subfield code="a">268 صفحة ؛</subfield>
		<subfield code="c">25 سم</subfield>
	</datafield>
	<datafield ind1="1" ind2=" " tag="880">
		<subfield code="6">700-06</subfield>
		<subfield code="a">الشريف الرضي، محمد بن الحسين،</subfield>
		<subfield code="d">969 او 970-1016،</subfield>
		<subfield code="e">معد. </subfield>
		<subfield code="4">com.</subfield>
	</datafield>
	<datafield ind1="1" ind2=" " tag="880">
		<subfield code="6">700-07</subfield>
		<subfield code="a">كاشف الغطاء، الهادي،</subfield>
		<subfield code="d">1872 او 1873-1942،</subfield>
		<subfield code="e">محقق. </subfield>
		<subfield code="4">ann.</subfield>
	</datafield>
	<datafield ind1="1" ind2="2" tag="880">
		<subfield code="6">700-08</subfield>
		<subfield code="a">كاشف الغطاء، الهادي،</subfield>
		<subfield code="d">1872 او 1873-1942.</subfield>
		<subfield code="t">مدارك نهج البلاغة ودفع الشبهات عنه.</subfield>
	</datafield>
	<datafield ind1=" " ind2=" " tag="959">
		<subfield code="a">NNU</subfield>
		<subfield code="b">WEB</subfield>
		<subfield code="c">GENI</subfield>
		<subfield code="t">0</subfield>
		<subfield code="m">Electronic access</subfield>
		<subfield code="s">01</subfield>
	</datafield>
	<datafield ind1=" " ind2=" " tag="999">
		<subfield code="i">LeBAU_b1275609x</subfield>
		<subfield code="s">aub_aco002925</subfield>
		<subfield code="e">(ERROR-MISC)</subfield>
	</datafield>
</record>
